<record><leader>00000cas a2200000   4500</leader><controlfield tag="001">7158716</controlfield><controlfield tag="008">810226d18361839vtuwr ne      0   a0eng d</controlfield><datafield ind1=" " ind2=" " tag="010"><subfield code="a">sn 91063300 </subfield></datafield><datafield ind1=" " ind2=" " tag="040"><subfield code="a">BTI</subfield><subfield code="b">eng</subfield><subfield code="c">BTI</subfield><subfield code="d">NVH</subfield><subfield code="d">NVN</subfield><subfield code="d">HLS</subfield><subfield code="d">OCLCF</subfield><subfield code="d">OCLCO</subfield></datafield><datafield ind1="1" ind2=" " tag="029"><subfield code="a">AU@</subfield><subfield code="b">000020038575</subfield></datafield><datafield ind1=" " ind2=" " tag="042"><subfield code="a">msc</subfield></datafield><datafield ind1=" " ind2=" " tag="090"><subfield code="a">BX9901</subfield></datafield><datafield ind1="0" ind2=" " tag="130"><subfield code="a">Universalist watchman (lebanon, N.H.)</subfield></datafield><datafield ind1="0" ind2="0" tag="245"><subfield code="a">Universalist watchman.</subfield></datafield><datafield ind1="1" ind2="3" tag="246"><subfield code="a">Universalist watchman, impartialist and Christian repository</subfield></datafield><datafield ind1=" " ind2=" " tag="260"><subfield code="a">Lebanon., N.H. :</subfield><subfield code="b">John Moore, B.H. Fuller,</subfield><subfield code="c">1836-1839.</subfield></datafield><datafield ind1=" " ind2=" " tag="300"><subfield code="a">v.</subfield><subfield code="c">34-48 cm.</subfield></datafield><datafield ind1=" " ind2=" " tag="310"><subfield code="a">Weekly</subfield></datafield><datafield ind1="0" ind2=" " tag="362"><subfield code="a">New ser., vol. 1, no. 31 (May 28, 1836)-new ser., v. 1, no. 32 (June 4, 1836) ; v. 8, no. 1 (June 18, 1836)-v. 10, no. 52 (June 22, 1839).</subfield></datafield><datafield ind1=" " ind2=" " tag="500"><subfield code="a">"Embracing the Star in the east, Christian repository and impartialist."</subfield></datafield><datafield ind1=" " ind2=" " tag="500"><subfield code="a">"Embracing the Impartialist &amp; Christian repository."</subfield></datafield><datafield ind1=" " ind2=" " tag="500"><subfield code="a">Published simultaneously in Lebanon and Concord N.H., and in Montpelier, Vt.</subfield></datafield><datafield ind1=" " ind2=" " tag="500"><subfield code="a">Published in Montpelier, Vt., and lebanon, N.H., Nov. 5, 1836-June 22, 1839.</subfield></datafield><datafield ind1=" " ind2=" " tag="515"><subfield code="a">Issues for May 28-June 4, 1836 also numbered v. 7, no. 50-v. 7, no. 51.</subfield></datafield><datafield ind1=" " ind2=" " tag="580"><subfield code="a">Formed by the union of: Watchman, impartialist, and Christian repository, and: Star in the East and New-Hampshire Universalist.  The latter resumed separate publication June 18, 1836.</subfield></datafield><datafield ind1=" " ind2=" " tag="580"><subfield code="a">Merged with: Green Mountain evangelist to form: Green Mountain evangelist and Universalist watchman.</subfield></datafield><datafield ind1=" " ind2="0" tag="650"><subfield code="a">Religious newspapers and periodicals</subfield><subfield code="z">Vermont.</subfield></datafield><datafield ind1=" " ind2="0" tag="650"><subfield code="a">Religious newspapers and periodicals</subfield><subfield code="z">New Hampshire.</subfield></datafield><datafield ind1=" " ind2="0" tag="651"><subfield code="a">Montpelier (Vt.)</subfield><subfield code="v">Newspapers.</subfield></datafield><datafield ind1=" " ind2="0" tag="651"><subfield code="a">Lebanon (N.H.)</subfield><subfield code="v">Newspapers.</subfield></datafield><datafield ind1=" " ind2="0" tag="651"><subfield code="a">Concord (N.H.)</subfield><subfield code="v">Newspapers.</subfield></datafield><datafield ind1=" " ind2="0" tag="651"><subfield code="a">Vermont</subfield><subfield code="v">Newspapers.</subfield></datafield><datafield ind1=" " ind2="0" tag="651"><subfield code="a">New Hampshire</subfield><subfield code="v">Newspapers.</subfield></datafield><datafield ind1=" " ind2="7" tag="655"><subfield code="a">Newspapers.</subfield><subfield code="2">fast</subfield><subfield code="0">(OCoLC)fst01423814</subfield></datafield><datafield ind1=" " ind2="7" tag="650"><subfield code="a">Religious newspapers and periodicals.</subfield><subfield code="2">fast</subfield><subfield code="0">(OCoLC)fst01094196</subfield></datafield><datafield ind1=" " ind2="7" tag="651"><subfield code="a">New Hampshire.</subfield><subfield code="2">fast</subfield><subfield code="0">(OCoLC)fst01204318</subfield></datafield><datafield ind1=" " ind2="7" tag="651"><subfield code="a">New Hampshire</subfield><subfield code="z">Concord.</subfield><subfield code="2">fast</subfield><subfield code="0">(OCoLC)fst01205752</subfield></datafield><datafield ind1=" " ind2="7" tag="651"><subfield code="a">New Hampshire</subfield><subfield code="z">Lebanon.</subfield><subfield code="2">fast</subfield><subfield code="0">(OCoLC)fst01224075</subfield></datafield><datafield ind1=" " ind2="7" tag="651"><subfield code="a">Vermont.</subfield><subfield code="2">fast</subfield><subfield code="0">(OCoLC)fst01204305</subfield></datafield><datafield ind1=" " ind2="7" tag="651"><subfield code="a">Vermont</subfield><subfield code="z">Montpelier.</subfield><subfield code="2">fast</subfield><subfield code="0">(OCoLC)fst01208013</subfield></datafield><datafield ind1=" " ind2=" " tag="752"><subfield code="a">United States</subfield><subfield code="b">Vermont</subfield><subfield code="c">Washington</subfield><subfield code="d">Montpelier.</subfield></datafield><datafield ind1=" " ind2=" " tag="752"><subfield code="a">United States</subfield><subfield code="b">New Hampshire</subfield><subfield code="c">Grafton</subfield><subfield code="d">Lebanon.</subfield></datafield><datafield ind1=" " ind2=" " tag="752"><subfield code="a">United States</subfield><subfield code="b">New Hampshire</subfield><subfield code="c">Merrimack</subfield><subfield code="d">Concord.</subfield></datafield><datafield ind1="1" ind2="4" tag="780"><subfield code="t">Watchman, impartialist, and Christian repository</subfield><subfield code="w">(DLC)sn 99067818</subfield><subfield code="w">(OCoLC)7786100</subfield></datafield><datafield ind1="1" ind2="4" tag="780"><subfield code="t">Star in the East and New-Hampshire Universalist</subfield><subfield code="w">(OCoLC)7707807</subfield><subfield code="w">(DLC)sn 91063079</subfield></datafield><datafield ind1="1" ind2="7" tag="785"><subfield code="t">Green Mountain evangelist</subfield></datafield><datafield ind1="1" ind2="7" tag="785"><subfield code="t">Green Mountain evangelist and Universalist watchman</subfield><subfield code="w">(DLC)sn 99067820</subfield><subfield code="w">(OCoLC)41035361</subfield></datafield><datafield ind1=" " ind2=" " tag="936"><subfield code="a">Feb. 27, 1841</subfield></datafield></record>